@article{doi:11.1137/141000671,
  author = {Bezanson, J. and Edelman, A. and Karpinski, S. and Shah, V.},
  title = {Julia: A Fresh Approach to Numerical Computing},
  journal = {SIAM Review},
  volume = {59},
  number = {1},
  pages = {65-98},
  year = {2017},
  doi = {10.1137/141000671},
  URL = { https://doi.org/10.1137/141000671},
  eprint = {https://doi.org/10.1137/141000671}
}
@misc{epirecipes,
  title = {Epicookbook: A cookbook of epidemiological models},
  url = {http://epirecip.es/},
  year = {2018},
  publisher = {University of Cambridge and The Alan Turing Institute},
  author = {S. Frost and A. Walsh and J. Thompson}
}
